@article{karinthy1929chains,
  title={Chains},
  author={Karinthy, Frigyes},
  journal={Everything is different, Budapest},
  year={1929}
}

@article{edunov2016facebook,
  title={Three and a half degrees of separation},
  author={Sergey Edunov, Carlos Diuk, Ismail Onur Filiz, Smriti Bhagat,   Moira Burke},
  journal={Research at Facebook},
  year={February 4, 2016}
}